@article{Berto2024,
    author = {Filippo Berto and Claudio A. Ardagna and Massimo Banzi and Marco Anisetti},
    title = {Assurance in Advanced 5G Edge Continuum},
    journal = {IEEE Access},
    volume = {12},
    pages = {178671-178671},
    year = {2024},
    doi = {10.1109/ACCESS.2024.3503437}
} 