@online{awsAuditManager,
  author = {Amazon Web Services},
  title  = {AWS Audit Manager: Automate Evidence Collection for Compliance},
  year   = {2023},
  url    = {https://docs.aws.amazon.com/audit-manager/latest/userguide/NIST-Cybersecurity-Framework-v1-1.html},
  note   = {Accessed: 2025-03-10}
}
@misc{fintechChallenges,
  author = {Anonimo},
  title  = {Le sfide della cybersecurity nelle startup Fintech},
  year   = {2023},
  note   = {Rapporto sul rischio e le vulnerabilità in ambito Fintech}
}

@misc{bankingVsFintech,
  author = {Anonimo},
  title  = {Differenze tra Cybersecurity Bancaria e Fintech},
  year   = {2023},
  note   = {Analisi comparativa degli approcci di sicurezza}
}

@misc{gartnerFintech,
  author = {Gartner},
  title  = {Rapporto sugli investimenti globali Fintech},
  year   = {2018},
  note   = {Investimenti globali in Fintech: crescita e trend}
}

@misc{cyberThreatsFintech,
  author = {Anonimo},
  title  = {Minacce informatiche nel settore Fintech},
  year   = {2023},
  note   = {Analisi delle tipologie di attacchi e delle vulnerabilità in ambito Fintech}
}

@online{netguru2023,
  author = {Netguru},
  title  = {Cybersecurity in Fintech. Why Is It Important? [2023 Update]},
  year   = {2023},
  url    = {https://www.netguru.com/blog/cybersecurity-in-fintech},
  note   = {Accessed: 2025-03-10}
}

@online{sproWhitepaper,
  author = {S-PRO},
  title  = {Fintech security and regulatory compliance best practices and checklists},
  year   = {2023},
  url    = {https://s-pro.io/whitepapers/fintech-security-best-practices},
  note   = {Accessed: 2025-03-10}
}

@online{awsResponsibility,
  author = {Amazon Web Services},
  title  = {AWS Shared Responsibility Model},
  year   = {2023},
  url    = {https://aws.amazon.com/marketplace/pp/prodview-noe2gzebdrqog},
  note   = {Accessed: 2025-03-10}
}

@online{awsNist,
  author = {Amazon Web Services},
  title  = {NIST - Amazon Web Services (AWS)},
  year   = {2023},
  url    = {https://aws.amazon.com/compliance/nist/},
  note   = {Accessed: 2025-03-10}
}

@online{awsWhitepaper,
  author = {Amazon Web Services},
  title  = {Updated whitepaper available: Aligning to the NIST Cybersecurity Framework in the AWS Cloud},
  year   = {2024},
  url    = {https://aws.amazon.com/blogs/security/updated-whitepaper-available-aligning-to-the-nist-cybersecurity-framework-in-the-aws-cloud/},
  note   = {Accessed: 2025-03-10}
}

@online{awsWellArchitected,
  author = {Amazon Web Services},
  title  = {Security - AWS Well-Architected Framework},
  year   = {2023},
  url    = {https://wa.aws.amazon.com/wellarchitected/2020-07-02T19-33-23/wat.pillar.security.en.html},
  note   = {Accessed: 2025-03-10}
}

@online{hyperproofNist,
  author = {Hyperproof},
  title  = {NIST SP 800-53 Compliance | Improve Your Security System},
  year   = {2023},
  url    = {https://hyperproof.io/nist-800-53/},
  note   = {Accessed: 2025-03-10}
}

@online{belvo,
  author = {Amazon Web Services},
  title  = {Belvo Case Study | Security | AWS},
  year   = {2023},
  url    = {https://aws.amazon.com/solutions/case-studies/belvo-case-study/},
  note   = {Accessed: 2025-03-10}
}

@online{nistZeroTrust,
  author = {National Institute of Standards and Technology},
  title  = {Zero Trust Architecture},
  year   = {2023},
  url    = {https://www.nist.gov/publications/zero-trust-architecture},
  note   = {Accessed: 2025-03-10}
}

@online{nistSP80082,
  author = {National Institute of Standards and Technology},
  title  = {SP 800-82 Rev. 3, Guide to Operational Technology (OT) Security},
  year   = {2020},
  url    = {https://csrc.nist.gov/pubs/sp/800/82/r3/ipd},
  note   = {Accessed: 2025-03-10}
}

@online{jumpcloud,
  author = {JumpCloud},
  title  = {NIST 800-63 Password Guidelines at a Glance},
  year   = {2023},
  url    = {https://jumpcloud.com/blog/nist-800-63-password-guidelines},
  note   = {Accessed: 2025-03-10}
}

@online{awsCheckPoint,
  author = {Amazon Web Services},
  title  = {AWS Marketplace: Check Point Quantum Network Security},
  year   = {2023},
  url    = {https://aws.amazon.com/marketplace/pp/prodview-eu5dbipshnzkq},
  note   = {Accessed: 2025-03-10}
}

@misc{tecnofinanza,
  title = {Tecnofinanza - Wikipedia},
  url   = {https://it.wikipedia.org/wiki/Tecnofinanza},
  note  = {Accesso: 2023-10-01}
}

@misc{fintech_numeri,
  title = {Fintech: quali sono le startup e i numeri in Italia},
  url   = {https://blog.osservatori.net/it_it/fintech-in-italia},
  note  = {Accesso: 2023-10-01}
}
@article{ciaPaper,
  author = {Popescul, Daniela},
  year   = {2011},
  month  = {06},
  pages  = {978-0},
  title  = {The Confidentiality – Integrity – Accessibility Triad into the Knowledge Security. A Reassessment from the Point of View of the Knowledge Contribution to Innovation},
  volume = {4}
}
@manual{AWSIAMUserGuide,
  title  = {AWS Identity and Access Management User Guide},
  author = {{AWS Documentation}},
  year   = {2025},
  url    = {https://docs.aws.amazon.com/IAM/latest/UserGuide/}
}

@misc{NIST.SP.800-53,
  title  = {Security and Privacy Controls for Information Systems and Organizations (NIST SP 800-53)},
  author = {{National Institute of Standards and Technology}},
  year   = {2020},
  url    = {https://csrc.nist.gov/publications/detail/sp/800-53/rev-5/final}
}

@misc{CIS.AWS.Foundation,
  title  = {CIS Amazon Web Services Foundations Benchmark},
  author = {{Center for Internet Security}},
  year   = {2023},
  url    = {https://www.cisecurity.org/benchmark/aws/}
}

@article{AWSMFA,
  title   = {Enabling Multi-Factor Authentication (MFA) in AWS},
  author  = {{AWS Security Blog}},
  year    = {2024},
  journal = {AWS Security Blog},
  url     = {https://aws.amazon.com/blogs/security/enabling-mfa/}
}

@manual{AWSPasswordPolicy,
  title  = {Managing Password Policies in AWS IAM},
  author = {{AWS Documentation}},
  year   = {2025},
  url    = {https://docs.aws.amazon.com/IAM/latest/UserGuide/id_credentials_passwords_account-policy.html}
}

@inproceedings{AWSSTSBestPractices,
  title     = {Best Practices for AWS Security Token Service},
  author    = {{AWS re:Invent}},
  year      = {2023},
  booktitle = {Proceedings of AWS re:Invent 2023}
}

@book{AWSWellArchitectedSecurity,
  title     = {AWS Well-Architected Framework: Security Pillar},
  author    = {{AWS Whitepaper}},
  year      = {2024},
  publisher = {Amazon Web Services}
}

@misc{AWSOrganizationsBestPractices,
  title  = {AWS Organizations Best Practices},
  author = {{AWS Documentation}},
  year   = {2025},
  url    = {https://docs.aws.amazon.com/organizations/latest/userguide/orgs_best-practices.html}
}

@article{AWSCloudTrailBestPractices,
  title   = {Using AWS CloudTrail for Security Monitoring},
  author  = {{AWS Security Blog}},
  year    = {2024},
  journal = {AWS Security Blog},
  url     = {https://aws.amazon.com/blogs/security/aws-cloudtrail-security-monitoring/}
}

@manual{AWSConfigBestPractices,
  title  = {AWS Config Developer Guide},
  author = {{AWS Documentation}},
  year   = {2025},
  url    = {https://docs.aws.amazon.com/config/latest/developerguide/}
}

@manual{AWSSecurityHub,
  title  = {AWS Security Hub User Guide},
  author = {{AWS Documentation}},
  year   = {2025},
  url    = {https://docs.aws.amazon.com/securityhub/latest/userguide/what-is-securityhub.html}
}

@misc{ref2,
  title        = {Managing Identity and Access Management (IAM) in Amazon Web Services (AWS)},
  howpublished = {\url{https://www.semanticscholar.org/paper/a86c772c9f10dcb88b030600da0538af58dc8d3a}},
  note         = {Accesso effettuato il 2025-05-12}
}

@misc{ref3,
  title        = {Sicurezza IAM AWS: Pratiche Fondamentali, Regola IAM-6 CloudDefense.ai},
  howpublished = {\url{https://www.clouddefense.ai/compliance-rules/aws-fs-practices/iam/foundational-security-iam-6}},
  note         = {Accesso effettuato il 2025-04-07}
}

@misc{ref4,
  title        = {Break Glass: Accesso Sicuro di Emergenza Quando Tutto il Resto Fallisce},
  howpublished = {\url{https://www.linkedin.com/pulse/break-glass-when-all-else-fails-secure-emergency-access-alok-saraswat-tmesc}},
  note         = {Accesso effettuato il 2025-05-11}
}

@misc{ref5,
  title        = {Principio del Minimo Privilegio: Sicurezza Informatica, Accesso e Implementazione.},
  howpublished = {\url{https://medium.com/@shahedkazi/principle-of-least-privilege-13312cbb0aff}},
  note         = {Accesso effettuato il 2025-05-31}
}

@misc{ref6,
  title        = {Policy di Accesso IAM e Boundaries: Controllo degli Permessi in AWS},
  howpublished = {\url{https://docs.aws.amazon.com/IAM/latest/UserGuide/access_policies_boundaries.html}},
  note         = {Accesso effettuato il 2025-03-24}
}

@misc{ref7,
  title        = {Guida 2022 alle AWS Service Control Policies (SCP): Cosa sono e come usarle.},
  howpublished = {\url{https://dev.to/aws-builders/what-are-aws-service-control-policies-scps-2022-guide-4f67}},
  note         = {Accesso effettuato il 2025-04-30}
}
@article{CBInsights2023,
  title  = {Why Startups Fail: Top 12 Reasons},
  author = {{CB Insights}},
  year   = {2023},
  note   = {Accessed: 2025-05-03},
  url    = {https://www.cbinsights.com/research/report/startup-failure-reasons-top/}
}

@article{Verizon2023,
  title  = {2023 Data Breach Investigations Report},
  author = {{Verizon}},
  year   = {2023},
  note   = {Accessed: 2025-05-03},
  url    = {https://www.verizon.com/business/resources/reports/dbir/}
}

@report{Ponemon2023,
  title  = {2023 State of Cybersecurity Report},
  author = {{Ponemon Institute}},
  year   = {2023},
  note   = {Accessed: 2025-05-03},
  url    = {https://www.ponemon.org/research/}
}
@misc{aws:iam:boundaries,
  author       = {{Amazon Web Services}},
  title        = {Permissions boundaries for IAM entities},
  howpublished = {\url{https://docs.aws.amazon.com/IAM/latest/UserGuide/access_policies_boundaries.html}},
  year         = {2024},
  note         = {[Online; accesso 15-10-2024]}
}

@misc{clouddefense:mfa,
  author       = {{Cloud Defense}},
  title        = {Ensure hardware MFA is enabled for the root user account [AWS Foundational Security Best Practices IAM.6]},
  howpublished = {\url{https://www.clouddefense.ai/compliance-rules/aws-fs-practices/iam/foundational-security-iam-6}},
  year         = {2023},
  note         = {[Online; accesso 15-10-2024]}
}

@online{saraswat:breakglass,
  author       = {Saraswat, Alok},
  title        = {Break Glass - When All Else Fails: Secure Emergency Access in AWS},
  year         = {2024},
  month        = {3},
  howpublished = {\url{https://www.linkedin.com/pulse/break-glass-when-all-else-fails-secure-emergency-access-alok-saraswat-tmesc}},
  note         = {[Online; accesso 15-10-2024]}
}

@misc{awsbuilders:scps,
  author       = {{AWS Builders - dev.to community}},
  title        = {What are AWS Service Control Policies (SCPs)? [2022 Guide]},
  howpublished = {\url{https://dev.to/aws-builders/what-are-aws-service-control-policies-scps-2022-guide-4f67}},
  year         = {2022},
  note         = {[Online; accesso 15-10-2024]}
}

@online{kazi:leastprivilege,
  author       = {Kazi, Shahed},
  title        = {Principle of Least Privilege},
  year         = {2023},
  month        = {8},
  howpublished = {\url{https://medium.com/@shahedkazi/principle-of-least-privilege-13312cbb0aff}},
  note         = {[Online; accesso 15-10-2024]}
}

@misc{aws:iam:bestpractices,
  author       = {{Amazon Web Services}},
  title        = {IAM best practices},
  howpublished = {\url{https://docs.aws.amazon.com/IAM/latest/UserGuide/best-practices.html}},
  year         = {2024},
  note         = {[Online; accesso 15-10-2024]}
}
@misc{AWSEC2IAM,
  title        = {Identity-based policies for Amazon EC2},
  author       = {{Amazon Web Services}},
  year         = {2025},
  howpublished = {\url{https://docs.aws.amazon.com/AWSEC2/latest/UserGuide/iam-policies-for-amazon-ec2.html}},
  note         = {accessed~04‑May‑2025}
}

@misc{AWSELBIAM,
  title        = {Actions, resources, and condition keys for AWS Elastic Load Balancing},
  author       = {{Amazon Web Services}},
  year         = {2025},
  howpublished = {\url{https://docs.aws.amazon.com/service-authorization/latest/reference/list_awselasticloadbalancing.html}},
  note         = {accessed~04‑May‑2025}
}

@misc{AWSS3Security,
  title        = {Security best practices for Amazon S3},
  author       = {{Amazon Web Services}},
  year         = {2024},
  howpublished = {\url{https://docs.aws.amazon.com/AmazonS3/latest/userguide/security-best-practices.html}},
  note         = {accessed~04‑May‑2025}
}

@misc{AWSRDSIAM,
  title        = {Identity and access management for Amazon RDS},
  author       = {{Amazon Web Services}},
  year         = {2024},
  howpublished = {\url{https://docs.aws.amazon.com/AmazonRDS/latest/UserGuide/UsingWithRDS.IAM.html}},
  note         = {accessed~04‑May‑2025}
}

@misc{AWSEBRole,
  title        = {Elastic Beanstalk service role},
  author       = {{Amazon Web Services}},
  year         = {2024},
  howpublished = {\url{https://docs.aws.amazon.com/elasticbeanstalk/latest/dg/concepts-roles-service.html}},
  note         = {accessed~04‑May‑2025}
}

@misc{AWSPermBoundaries,
  title        = {Permissions boundaries for IAM entities},
  author       = {{Amazon Web Services}},
  year         = {2025},
  howpublished = {\url{https://docs.aws.amazon.com/IAM/latest/UserGuide/access_policies_boundaries.html}},
  note         = {accessed~04‑May‑2025}
}

@misc{AWSSTS,
  title        = {Temporary security credentials in IAM},
  author       = {{Amazon Web Services}},
  year         = {2024},
  howpublished = {\url{https://docs.aws.amazon.com/IAM/latest/UserGuide/id_credentials_temp.html}},
  note         = {accessed~04‑May‑2025}
}

@misc{AWSIAMBestPractices,
  title        = {Security best practices in IAM},
  author       = {{Amazon Web Services}},
  year         = {2024},
  howpublished = {\url{https://docs.aws.amazon.com/IAM/latest/UserGuide/best-practices.html}},
  note         = {accessed~04‑May‑2025}
}

@misc{DatadogLeastPrivilege,
  title        = {Best practices for creating least‑privilege AWS IAM policies},
  author       = {Datadog Security Labs},
  year         = {2024},
  howpublished = {\url{https://www.datadoghq.com/blog/iam-least-privilege/}},
  note         = {accessed~04‑May‑2025}
}

@misc{PCI_DSS,
  title        = {PCI DSS v3.2.1 Quick Reference Guide},
  author       = {{PCI Security Standards Council}},
  year         = {2024},
  howpublished = {\url{https://www.pcisecuritystandards.org/pdfs/pci_ssc_quick_guide.pdf}},
  note         = {accessed~04‑May‑2025}
}

@techreport{NIST_SP80063,
  author      = {Grassi, P. \& al.},
  title       = {Digital Identity Guidelines},
  institution = {National Institute of Standards and Technology},
  number      = {SP 800‑63‑3},
  year        = {2023},
  url         = {https://pages.nist.gov/800-63-3/}
}

@techreport{NIST_ZTA,
  author      = {Rose, S. \& al.},
  title       = {Zero Trust Architecture},
  institution = {National Institute of Standards and Technology},
  number      = {SP 800‑207},
  year        = {2020},
  url         = {https://doi.org/10.6028/NIST.SP.800-207}
}

@misc{MediumIAMGuide,
  author       = {Yugandhar, Atic},
  title        = {AWS IAM Mastery: Top Security Practices for Cloud},
  howpublished = {\url{https://medium.com/@atic-yugandhar/aws-iam-mastery-top-security-practices-for-cloud-caec5b10882a}},
  year         = {2025},
  note         = {accessed~04‑May‑2025}
}
@techreport{NIST_SP_1800_26,
  author      = {Cawthra, Jennifer and Ekstrom, Michael and Lusty, Lauren and Sexton, Julian and Sweetnam, John and Townsend, Anne},
  title       = {Data Integrity: Detecting and Responding to Ransomware and Other Destructive Events},
  institution = {National Institute of Standards and Technology},
  number      = {1800-26A},
  year        = {2020},
  month       = {12}
}

@misc{Cyberment,
  author       = {Cyberment},
  title        = {Defense in Depth, di cosa si tratta},
  howpublished = {Cyberment},
  year         = {2023},
  month        = {1}
}

@techreport{NIST_SP_800_172,
  author      = {National Institute of Standards and Technology},
  title       = {Enhanced Security Requirements for Protecting Controlled Unclassified Information},
  institution = {National Institute of Standards and Technology},
  number      = {800-172},
  year        = {2021}
}

@misc{NIST_Glossary,
  author       = {National Institute of Standards and Technology},
  title        = {Least Privilege - Glossary},
  howpublished = {NIST Computer Security Resource Center},
  year         = {2015}
}

@misc{OSCAL_Content,
  author       = {National Institute of Standards and Technology},
  title        = {OSCAL Content with Separation of Duties},
  howpublished = {NIST},
  year         = {2021}
}

@techreport{NIST_SP_800_207,
  author      = {Rose, Scott and Borchert, Oliver and Mitchell, Stu and Connelly, Sean},
  title       = {Zero Trust Architecture},
  institution = {National Institute of Standards and Technology},
  number      = {800-207},
  year        = {2020},
  month       = {8}
}
@misc{nist800-145,
  title       = {The NIST Definition of Cloud Computing},
  author      = {Mell, Peter and Grance, Tim},
  year        = {2011},
  institution = {National Institute of Standards and Technology},
  number      = {SP 800-145},
  url         = {https://nvlpubs.nist.gov/nistpubs/Legacy/SP/nistspecialpublication800-145.pdf}
}

@misc{aws-cloud-elasticity,
  title  = {What is Cloud Computing?},
  author = {Amazon Web Services},
  year   = {2024},
  url    = {https://aws.amazon.com/what-is-cloud-computing/}
}

@misc{aws-iaas,
  title  = {Amazon EC2 – IaaS},
  author = {Amazon Web Services},
  year   = {2024},
  url    = {https://aws.amazon.com/ec2/}
}

@misc{aws-paas,
  title  = {AWS Elastic Beanstalk – PaaS},
  author = {Amazon Web Services},
  year   = {2024},
  url    = {https://aws.amazon.com/elasticbeanstalk/}
}

@misc{aws-saas,
  title  = {Amazon WorkSpaces – SaaS},
  author = {Amazon Web Services},
  year   = {2024},
  url    = {https://aws.amazon.com/workspaces/}
}

@misc{aws-public-cloud,
  title  = {AWS Public Cloud},
  author = {Amazon Web Services},
  year   = {2024},
  url    = {https://aws.amazon.com/what-is-cloud-computing/}
}

@misc{aws-private-cloud,
  title  = {AWS Private Cloud Solutions},
  author = {Amazon Web Services},
  year   = {2024},
  url    = {https://aws.amazon.com/private-cloud/}
}

@misc{aws-hybrid-cloud,
  title  = {AWS Hybrid Cloud},
  author = {Amazon Web Services},
  year   = {2024},
  url    = {https://aws.amazon.com/hybrid/}
}

@misc{aws-global-infra,
  title  = {Global Infrastructure},
  author = {Amazon Web Services},
  year   = {2024},
  url    = {https://aws.amazon.com/about-aws/global-infrastructure/}
}

@misc{aws-cloudfront,
  title  = {Amazon CloudFront},
  author = {Amazon Web Services},
  year   = {2024},
  url    = {https://aws.amazon.com/cloudfront/}
}

@misc{aws-network,
  title  = {AWS Networking},
  author = {Amazon Web Services},
  year   = {2024},
  url    = {https://aws.amazon.com/products/networking/}
}

@misc{aws-nitro-hypervisor,
  title  = {AWS Nitro Hypervisor},
  author = {Amazon Web Services},
  year   = {2024},
  url    = {https://aws.amazon.com/ec2/nitro/}
}

@misc{aws-scaling,
  title  = {Auto Scaling},
  author = {Amazon Web Services},
  year   = {2024},
  url    = {https://aws.amazon.com/autoscaling/}
}

@misc{aws-rds-multiaz,
  title        = {Amazon RDS Multi-AZ Deployments},
  author       = {Amazon Web Services},
  year         = {2024},
  howpublished = {\url{https://docs.aws.amazon.com/AmazonRDS/latest/UserGuide/Concepts.MultiAZ.html}},
  note         = {Accessed: [Inserisci data accesso se necessario]}
}

@misc{aws-resilience,
  title  = {AWS Resilience Hub},
  author = {Amazon Web Services},
  year   = {2024},
  url    = {https://aws.amazon.com/resilience-hub/}
}

@misc{aws-shared-responsibility,
  title  = {AWS Shared Responsibility Model},
  author = {Amazon Web Services},
  year   = {2024},
  url    = {https://aws.amazon.com/compliance/shared-responsibility-model/}
}

@misc{aws-kms,
  title  = {AWS Key Management Service},
  author = {Amazon Web Services},
  year   = {2024},
  url    = {https://aws.amazon.com/kms/}
}

@misc{aws-iam,
  title  = {AWS Identity and Access Management},
  author = {Amazon Web Services},
  year   = {2024},
  url    = {https://aws.amazon.com/iam/}
}

@misc{aws-compliance,
  title  = {AWS Compliance Programs},
  author = {Amazon Web Services},
  year   = {2024},
  url    = {https://aws.amazon.com/compliance/programs/}
}

@misc{ibm-cloud,
  title  = {What is Cloud Computing?},
  author = {IBM Cloud Education},
  year   = {2024},
  url    = {https://www.ibm.com/cloud/learn/cloud-computing}
}

@misc{digitalocean-cloud,
  title        = {Horizontal vs. Vertical Scaling},
  author       = {DigitalOcean Community},
  year         = {2021},
  howpublished = {\url{https://www.digitalocean.com/community/tutorials/horizontal-vs-vertical-scaling}},
  note         = {Accessed: [Inserisci data accesso]}
}

@misc{aws-well-architected,
  title  = {AWS Well-Architected Framework},
  author = {Amazon Web Services},
  year   = {2024},
  url    = {https://aws.amazon.com/architecture/well-architected/}
}

@misc{aws-control-tower,
  title  = {AWS Control Tower},
  author = {Amazon Web Services},
  year   = {2024},
  url    = {https://aws.amazon.com/controltower/}
}

@misc{aws-security-hub,
  title  = {AWS Security Hub},
  author = {Amazon Web Services},
  year   = {2024},
  url    = {https://aws.amazon.com/security-hub/}
}
@misc{geeksforgeeks_scalability,
  author       = {GeeksforGeeks},
  title        = {Scalability and Elasticity in Cloud Computing},
  howpublished = {\url{https://www.geeksforgeeks.org/scalability-and-elasticity-in-cloud-computing/}},
  year         = {2023},
  note         = {Published: January 16, 2023. Accessed: [Inserisci data accesso]}
}
@misc{ibm_iaas,
  author       = {IBM},
  title        = {What Is Infrastructure as a Service (IaaS)?},
  howpublished = {\url{https://www.ibm.com/topics/iaas}},
  year         = {2024},
  note         = {Accessed: [Inserisci data accesso]}
}
@online{proofpoint2024,
  author = {Proofpoint},
  title  = {Honeypot, cos'è? – Significato e vantaggi},
  year   = {2024},
  month  = {1},
  day    = {11},
  url    = {https://www.proofpoint.com/it/threat-reference/honeypot},
  note   = {Accessed: 2024-05-06}
}

@online{universeit2021,
  author = {UniverseIT},
  title  = {Cos'è e come viene utilizzato un Honeypot},
  year   = {2021},
  month  = {10},
  day    = {1},
  url    = {https://universeit.blog/honeypot/},
  note   = {Accessed: 2024-05-06}
}

@online{insic2023,
  author = {InSic},
  title  = {Cos'è un honeypot, come funziona e quali sono le tipologie},
  year   = {2023},
  url    = {https://www.insic.it/senza-categoria/cose-un-honeypot-come-funziona-e-quali-sono-le-tipologie/},
  note   = {Accessed: 2024-05-06}
}

@online{vito2024,
  author = {Lavecchia, Vito},
  title  = {Definizione di honeypot in informatica},
  year   = {2024},
  month  = {4},
  day    = {30},
  url    = {https://vitolavecchia.altervista.org/definizione-di-honeypot-informatica/},
  note   = {Accessed: 2024-05-06}
}

@online{fortinet2023,
  author = {Fortinet},
  title  = {Che cos'è un Honeypot? Significato, tipi, vantaggi e altro},
  year   = {2023},
  url    = {https://www.fortinet.com/it/resources/cyberglossary/what-is-honeypot},
  note   = {Accessed: 2024-05-06}
}

@inproceedings{fricano2017,
  author = {Emanuele Fricano},
  title  = {Personal Financial Management: Analisi di Mercato, definizione e sviluppo di una soluzione mobile innovativa},
  year   = {2017},
  url    = {https://api.semanticscholar.org/CorpusID:169658344}
}

@online{cowrie_aws,
  author = {Utkarsh Kumar},
  title  = {How I Deployed a Cowrie Honeypot on AWS EC2 instance},
  url    = {https://utkarsh89.hashnode.dev/how-i-deployed-a-cowrie-honeypot-on-aws-ec2-instance-to-catch-cyber-intruders},
  year   = {2023}
}

@online{reddit_ec2,
  title = {Monthly cost of EC2 t2.micro},
  url   = {https://www.reddit.com/r/aws/comments/a8pyvl/monthly_cost_of_ec2_t2micro_email_quotes_for_a/},
  year  = {2018}
}

@online{aws_t2,
  title  = {Amazon EC2 T2 Instances},
  url    = {https://aws.amazon.com/it/ec2/instance-types/t2/},
  author = {AWS}
}

@online{aws_ebs,
  title  = {Amazon EBS Pricing},
  url    = {https://aws.amazon.com/it/ebs/pricing/},
  author = {AWS}
}

@online{cloudwatch_logs,
  title = {CloudWatch Vended Logs Pricing},
  url    = {https://aws.amazon.com/it/about-aws/whats-new/2018/01/cloudwatch-introduces-tiered-pricing-with-up-to-90-percent-discount-for-vpc-flow-logs-and-other-vended-logs/},
  year  = {2018}
}

@online{aws_pricing,
  title  = {Amazon EC2 On-Demand Pricing},
  url    = {https://aws.amazon.com/it/ec2/pricing/on-demand/},
  author = {AWS}
}

@online{nordvpn,
  title  = {Honeypot: Cos'è e come funziona},
  url    = {https://nordvpn.com/it/blog/honeypot-cose/},
  author = {NordVPN}
}

@online{aws_marketplace,
  title  = {Honeypot Solutions on AWS Marketplace},
  url    = {https://aws.amazon.com/marketplace/pp/prodview-bo6artzxypyv6},
  author = {AWS}
}

@online{rapid7,
  title  = {AWS Honeypot Integration Guide},
  url    = {https://docs.rapid7.com/insightidr/aws-honeypots},
  author = {Rapid7}
}

@online{cloudwatch_pricing,
  title  = {Amazon CloudWatch Pricing},
  url    = {https://aws.amazon.com/it/cloudwatch/pricing/},
  author = {AWS}
}

@online{aws_transfer,
  title  = {AWS Transfer Family Pricing},
  url    = {https://aws.amazon.com/it/aws-transfer-family/pricing/},
  author = {AWS}
}

@inproceedings{10183431,
  author    = {Brintha, N.C. and Joliya, Vikrant Vijaybhai and Bhuvnesh, G. and Malini, S.},
  booktitle = {2023 International Conference on Computational Intelligence and Sustainable Engineering Solutions (CISES)},
  title     = {Securing your network with Honeypot, Canerytokens and Docker on AWS},
  year      = {2023},
  volume    = {},
  number    = {},
  pages     = {683-687},
  keywords  = {Performance evaluation;Forensics;Scalability;Virtual environments;Organizations;Telecommunication traffic;Frequency measurement;Honeypots;Canary Tokens;security;forensic analysis of honeypots;network},
  doi       = {10.1109/CISES58720.2023.10183431}
}

@misc{peiris_2024,
  title   = {AWS Honeypot Activity Report},
  url     = {https://www.linkedin.com/posts/dakshanapeiris_cybersecurity-aws-honeypot-activity-7254920168340901888-Crjv},
  journal = {LinkedIn},
  author  = {Peiris, Dakshana},
  year    = {2024},
  month   = {10}
}

@misc{perego_2023,
  title   = {Cos'è un honeypot...},
  url     = {https://www.insic.it/senza-categoria/cose-un-honeypot-come-funziona-e-quali-sono-le-tipologie/},
  journal = {InSic},
  author  = {Perego, Giorgio},
  year    = {2023},
  month   = {5}
}

@misc{tsang_2022,
  title     = {Research Honeypot on AWS},
  url       = {https://blog.devgenius.io/creating-a-research-honeypot-on-aws-b0ded134729a},
  journal   = {Medium},
  publisher = {Dev Genius},
  author    = {Tsang, Eric},
  year      = {2022},
  month     = {2}
}

@misc{vienažindytė_2020,
  title   = {Honeypots: Why Hackers Hate Them},
  url     = {https://nordvpn.com/it/blog/honeypot-cose/},
  journal = {NordVPN},
  author  = {Vienažindytė, Ilma},
  year    = {2020},
  month   = {7}
}

@misc{zhang_2023,
  title   = {Deploy T-Pot Honeypot on AWS},
  url     = {https://bohansec.com/2023/11/28/Deploy-T-Pot-Honeypot-To-AWS/},
  journal = {BohanSec},
  author  = {Zhang, Bohan},
  year    = {2023},
  month   = {11}
}

@misc{infosanity_2020,
  title   = {Cowrie SSH Honeypot on AWS EC2},
  url     = {https://blog.infosanity.co.uk/?p=1397},
  journal = {Infosanity.co.uk},
  year    = {2020}
}

@misc{cowrie_devs_2024,
  title   = {Cowrie SSH/Telnet Honeypot Docs},
  url     = {https://github.com/cowrie/cowrie},
  journal = {GitHub},
  author  = {{Cowrie Developers}},
  year    = {2024},
  month   = {11}
}

@misc{salient_2025,
  title   = {Honeydrop Honeypot on AWS},
  url     = {https://salientengineering.com/setups-guides/how-to-deploy-and-setup-honeydrop-honeypot-in-aws},
  journal = {Salient Engineering},
  year    = {2025},
  month   = {4}
}
% [^2]: https://www.semanticscholar.org/paper/a86c772c9f10dcb88b030600da0538af58dc8d3a

% [^3]: https://www.clouddefense.ai/compliance-rules/aws-fs-practices/iam/foundational-security-iam-6

% [^4]: https://www.linkedin.com/pulse/break-glass-when-all-else-fails-secure-emergency-access-alok-saraswat-tmesc

% [^5]: https://medium.com/@shahedkazi/principle-of-least-privilege-13312cbb0aff

% [^6]: https://docs.aws.amazon.com/IAM/latest/UserGuide/access_policies_boundaries.html

% [^7]: https://dev.to/aws-builders/what-are-aws-service-control-policies-scps-2022-guide-4f67
% [^1_1]: https://ppl-ai-file-upload.s3.amazonaws.com/web/direct-files/attachments/6920399/2e6e0fd9-849f-4589-b33c-87e3593d8926/paste.txt

% [^1_2]: https://www.semanticscholar.org/paper/981b43fac6350f415a15092ba0ac0f5eed65b023

% [^1_3]: https://agency.ernesto.it/startups-e-cloud-perche-sceglierlo/

% [^1_4]: https://blog.quanture.com/on-cloud-vs-on-premise-i-pro-e-i-contro-quando-si-parla-di-infrastruttura-it

% [^1_5]: https://aws.amazon.com/it/architecture/well-architected/

% [^1_6]: https://www.semanticscholar.org/paper/19ca7e46cfcc87a26eb88c8661343ed4884d4763

% [^1_7]: https://www.semanticscholar.org/paper/5a2941a4a6c44e22a0e7fcb227080d9901d4adaf

% [^1_8]: https://www.semanticscholar.org/paper/b85e4163809af791398ab072af614b796f70de2d

% [^1_9]: https://www.semanticscholar.org/paper/18e6a06924dae209394c1f59ee5a76d94779827d

% [^1_10]: https://www.semanticscholar.org/paper/90ef548fa8c68ffc4868e758f57759f6d1542181

% [^1_11]: https://www.semanticscholar.org/paper/d46d382671d7c0bdbf26f764aca7c9d2a1cd387d

% [^1_12]: https://www.semanticscholar.org/paper/a69f5dbff8709a213334874cd3f292731acc3bff

% [^1_13]: https://www.fortinet.com/it/resources/cyberglossary/cloud-infrastructure

% [^1_14]: https://www.akamai.com/it/glossary/what-is-cloud-infrastructure

% [^1_15]: https://azure.microsoft.com/it-it/resources/cloud-computing-dictionary/what-is-cloud-infrastructure

% [^1_16]: https://www.connectendress.it/cloud-computing-spiegato-bene

% [^1_17]: https://www.polostrategiconazionale.it/media/news/caratteristiche-cloud-computing/

% [^1_18]: https://www.semanticscholar.org/paper/7f8408392b8ec941e0b2b0a13b62e82019bcb9d6

% [^1_19]: https://www.semanticscholar.org/paper/14c479691783802b76bf9ed8f42aef53b6f6afb7

% [^1_20]: https://www.it-impresa.it/blog/infrastruttura-cloud-computing/

% [^1_21]: https://www.rackone.it/blog/news/cosa-e-il-cloud-computing/

% [^1_22]: https://www.dedatech.com/blog/on-premise-vs-cloud-pro-contro-e-differenze/

% [^1_23]: https://miro.com/it/modelli/diagramma-architettura-aws/

% [^1_24]: https://payproglobal.com/it/risposte/quali-sono-i-principi-nativi-del-cloud/

% [^1_25]: https://www.ibm.com/it-it/topics/cloud-computing-benefits

% [^1_26]: https://www.hpe.com/it/it/what-is/on-premises-vs-cloud.html

% [^1_27]: https://pages.awscloud.com/rs/112-TZM-766/images/Canone_di_architettura_AWS.pdf

% [^1_28]: https://docs.italia.it/italia/manuale-di-abilitazione-al-cloud/manuale-di-abilitazione-al-cloud-docs/it/bozza/il-cloud/cosè-il-cloud.html

% [^1_29]: https://www.oracle.com/it/cloud/why-move-to-cloud/

% [^1_30]: https://www.saep.it/magazine/hosting-dellerp-in-cloud-o-on-premises-le-soluzioni-a-confronto/

% [^1_31]: https://docs.aws.amazon.com/it_it/whitepapers/latest/serverless-multi-tier-architectures-api-gateway-lambda/three-tier-architecture-overview.html

